@incollection{boulic:91,
  author    = {R. Boulic and O. Renault},
  booktitle = {New Trends in Animation and Visualization},
  editor    = {Nadia Magnenat-Thalmann and Daniel Thalmann},
  publisher = {John Wiley {\&} Sons ltd.},
  title     = {3D Hierarchies for Animation},
  year      = {1991}
}

@book{brooks:95,
  author    = {Frederick P. Brooks Jr.},
  edition   = {15th},
  publisher = {Alta Books},
  title     = {O mítico homem-mês: ensaios sobre engenharia de software},
  year      = {2018}
}

@book{knuth:84,
  author    = {Donald E. Knuth},
  edition   = {15th},
  publisher = {Addison-Wesley},
  title     = {The {\TeX} Book},
  year      = {1984}
}

@incollection{smith:99,
  author    = {A. Smith and B. Jones},
  booktitle = {Advances in Computer Science},
  editor    = {A. B. Smith-Jones},
  pages     = {555--566},
  publisher = {Publishing Press},
  title     = {On the Complexity of Computing},
  year      = {1999}
}
